% the terms like handout and texTemp are the unique identifiers you use to cite the item in your paper

@unpublished{handout,  
 author  = {Clark Savage Turner},
 title   = {Term Paper Proposal},
 year    =  {2010},
 month   = {Fall},
 url     = {http://true-reality.net/csc300/resources/assets/Term\%20Paper\%20Proposal\%20F10.pdf},
 annote  = {This source was used to get the requirements for each section of the template.},
}

@unpublished{texTemp,
 author  = {Jason Anderson},
 title   = {How to Write a SE Code Argument / Term Paper Template},
 year    =  {2010},
 month   = {May},
 url     = {http://true-reality.net/csc300archive/documents/paperInst.tex},
 annote  = {Used this to get started making the template.},
}

@misc{BibTex,   
 title   = {BibTeX},
 url     = {http://en.wikipedia.org/wiki/BibTeX#Bibliographic_information_file},
 annote  = {Useful in figuring out how to create the .bib file},
}

@misc{BibMang,   
 title   = {LaTeX/Bibliography Management},
 url     = {http://en.wikibooks.org/wiki/LaTeX/Bibliography_Management},
 annote  = {Useful in figuring out the bibliography structure in tex},
}

@misc{bibStyle,
 title   = {IEEEannot: A LaTeX IEEE Annotated Bibliography Style Template},
 url     = {http://www.barik.net/sw/ieee/},
 annote  = {the web page where you can download the IEEE annotate style to allow annotations in a bibliography.  Put it in the same folder as the .bib and .tex files.  },
}

% My stuff

@misc{catalogDept,
 title   = {2011-2013 Cal Poly Catalog},
 url     = {http://catalog.calpoly.edu/2011cat/cengr/csc_dept/cscdept.pdf},
 annote  = {},
}

@misc{catalogCourses,
 title   = {2011-2013 Cal Poly Catalog},
 url     = {http://catalog.calpoly.edu/2011cat/cengr/csc_dept/csccrs2011.pdf},
 annote  = {},
}

@misc{stark97,
 title   = {Measurements to Manage Software Maintenance},
 url     = {http://web.archive.org/web/20101112105603/http://www.stsc.hill.af.mil/crosstalk/1997/07/maintenance.asp},
 annote  = {Provides citations for sources regarding amount of time spent on software maintenance},
}

@misc{stark99,
 title   = {An Examination of the Effects of Requirements Changes on Software Maintenance Releases},
 url     = {http://www.mitre.org/work/best_papers/99/skillicorn_releases/skillicorn_releases.pdf},
 annote  = {Discusses the effect of maintenance upon schedule},
}

@article{Lientz:1978:CAS:359511.359522,
 author = {Lientz, B. P. and Swanson, E. B. and Tompkins, G. E.},
 title = {Characteristics of application software maintenance},
 journal = {Commun. ACM},
 volume = {21},
 issue = {6},
 month = {June},
 year = {1978},
 issn = {0001-0782},
 pages = {466--471},
 numpages = {6},
 url = {http://doi.acm.org/10.1145/359511.359522},
 doi = {http://doi.acm.org/10.1145/359511.359522},
 acmid = {359522},
 publisher = {ACM},
 address = {New York, NY, USA},
 keywords = {management and technical issues, software maintenance, use of productivity aids},
}

@article{parekh,
 title   = {Structured Maintenance The Warnier/Orr Way},
 url     = {http://books.google.com/books?id=1mQDa_UuMbYC&pg=RA1-PA11&lpg=RA1-PA11},
}

@article{Yau:1986:SSD:5980.5985,
 author = {Yau, Stephen S. and Tsai, Jeffery J.-P.},
 title = {A survey of software design techniques},
 journal = {IEEE Trans. Softw. Eng.},
 volume = {12},
 issue = {6},
 month = {June},
 year = {1986},
 issn = {0098-5589},
 pages = {713--721},
 numpages = {9},
 url = {http://dl.acm.org/citation.cfm?id=5980.5985},
 acmid = {5985},
 publisher = {IEEE Press},
 address = {Piscataway, NJ, USA},
}

@inproceedings{Andrews:2000:ERS:794188.794320,
 author = {Andrews, James H. and Lutfiyya, Hanan L.},
 title = {Experience Report: A Software Maintenance Project Course},
 booktitle = {Proceedings of the 13th Conference on Software Engineering Education \& Training},
 series = {CSEET '00},
 year = {2000},
 isbn = {0-7695-0421-3},
 pages = {132--},
 url = {http://reversingproject.info/wp-content/uploads/2009/05/experiences_with_a_software_maintenance_project_course.pdf},
 acmid = {794320},
 publisher = {IEEE Computer Society},
 address = {Washington, DC, USA},
}

@misc{engle,
 title   = {Software Maintenance Exercises for a Software Engineering Project Course},
 url     = {http://www.sei.cmu.edu/reports/89em001.pdf},
 annote  = {Created a 10,000 line Ada program and associated excercises for the purpose of a software maintenance course},
}

@inproceedings{Slimick:1997:UCS:523979.794218,
 author = {Slimick, John},
 title = {An Undergraduate Course in Software Maintenance and Enhancement},
 booktitle = {Proceedings of the 10th Conference on Software Engineering Education and Training},
 series = {CSEET '97},
 year = {1997},
 isbn = {0-8186-7886-0},
 pages = {61--},
 url = {http://ieeexplore.ieee.org.ezproxy.lib.calpoly.edu/stamp/stamp.jsp?tp=&arnumber=592440},
 acmid = {794218},
 publisher = {IEEE Computer Society},
 address = {Washington, DC, USA},
 keywords = {software maintenance, software enhancement},
 annote = {Ran a software maintenance course in 1994 and 1996},
}

@misc{secode,
 title   = {Software Engineering Code of Ethics and Professional Practice},
 url     = {http://www.acm.org/about/se-code},
}
