% CSC 300: Professional Responsibilities
% Dr. Clark Turner


@misc{catalogDept,
 title   = {2011-2013 Cal Poly Catalog},
 url     = {http://catalog.calpoly.edu/2011cat/cengr/csc_dept/cscdept.pdf},
 annote  = {},
}

@misc{catalogCourses,
 title   = {2011-2013 Cal Poly Catalog},
 url     = {http://catalog.calpoly.edu/2011cat/cengr/csc_dept/csccrs2011.pdf},
 annote  = {},
}

@misc{catalogDegree,
 title   = {2011-2013 Cal Poly Catalog},
 url     = {http://catalog.calpoly.edu/2011cat/cengr/csc_dept/softwengr.pdf},
}

@misc{polyAlums,
 title   = {Alums in Action!},
 url     = {https://www.csc.calpoly.edu/prospective/alums/},
}

@misc{stark97,
 title   = {Measurements to Manage Software Maintenance},
 url     = {http://web.archive.org/web/20101112105603/http://www.stsc.hill.af.mil/crosstalk/1997/07/maintenance.asp},
 annote  = {Provides citations for sources regarding amount of time spent on software maintenance},
}

@misc{stark99,
 title   = {An Examination of the Effects of Requirements Changes on Software Maintenance Releases},
 url     = {http://www.mitre.org/work/best_papers/99/skillicorn_releases/skillicorn_releases.pdf},
 annote  = {Discusses the effect of maintenance upon schedule},
}

@article{lientz,
 author = {Lientz, B. P. and Swanson, E. B. and Tompkins, G. E.},
 title = {Characteristics of application software maintenance},
 journal = {Commun. ACM},
 volume = {21},
 issue = {6},
 month = {June},
 year = {1978},
 issn = {0001-0782},
 pages = {466--471},
 numpages = {6},
 url = {http://doi.acm.org/10.1145/359511.359522},
 doi = {http://doi.acm.org/10.1145/359511.359522},
 acmid = {359522},
 publisher = {ACM},
 address = {New York, NY, USA},
 keywords = {management and technical issues, software maintenance, use of productivity aids},
}

@article{parekh,
 title   = {Structured Maintenance The Warnier/Orr Way},
 url     = {http://books.google.com/books?id=1mQDa_UuMbYC&pg=RA1-PA11&lpg=RA1-PA11},
}

@article{yau,
 author = {Yau, Stephen S. and Tsai, Jeffery J.-P.},
 title = {A survey of software design techniques},
 journal = {IEEE Trans. Softw. Eng.},
 volume = {12},
 issue = {6},
 month = {June},
 year = {1986},
 issn = {0098-5589},
 pages = {713--721},
 numpages = {9},
 url = {http://dl.acm.org/citation.cfm?id=5980.5985},
 acmid = {5985},
 publisher = {IEEE Press},
 address = {Piscataway, NJ, USA},
}

@inproceedings{andrews,
 author = {Andrews, James H. and Lutfiyya, Hanan L.},
 title = {Experience Report: A Software Maintenance Project Course},
 booktitle = {Proceedings of the 13th Conference on Software Engineering Education \& Training},
 series = {CSEET '00},
 year = {2000},
 isbn = {0-7695-0421-3},
 pages = {132--},
 url = {http://reversingproject.info/wp-content/uploads/2009/05/experiences_with_a_software_maintenance_project_course.pdf},
 acmid = {794320},
 publisher = {IEEE Computer Society},
 address = {Washington, DC, USA},
}

@misc{engle,
 title   = {Software Maintenance Exercises for a Software Engineering Project Course},
 url     = {http://www.sei.cmu.edu/reports/89em001.pdf},
 annote  = {Created a 10,000 line Ada program and associated excercises for the purpose of a software maintenance course},
}

@inproceedings{slimick,
 author = {Slimick, John},
 title = {An Undergraduate Course in Software Maintenance and Enhancement},
 booktitle = {Proceedings of the 10th Conference on Software Engineering Education and Training},
 series = {CSEET '97},
 year = {1997},
 isbn = {0-8186-7886-0},
 pages = {61--},
 url = {http://ieeexplore.ieee.org.ezproxy.lib.calpoly.edu/stamp/stamp.jsp?tp=&arnumber=592440},
 acmid = {794218},
 publisher = {IEEE Computer Society},
 address = {Washington, DC, USA},
 keywords = {software maintenance, software enhancement},
 annote = {Ran a software maintenance course in 1994 and 1996},
}

@misc{secode,
 title   = {Software Engineering Code of Ethics and Professional Practice},
 url     = {http://www.acm.org/about/se-code},
}

@misc{proposalFeedback,
 author  = {Clark Savage Turner},
 title   = {Feedback on Term Paper Proposal},
 annote  = {Used completely his reworking of my focus question.  Notes on extant arguments used as a starting point for further research.},
}

@misc{definitionAdequate,
 title   = {Oxford Dictionaries},
 url     = {http://oxforddictionaries.com/definition/adequate},
}

@misc{definitionSignificant,
 title   = {Oxford Dictionaries},
 url     = {http://oxforddictionaries.com/definition/significant},
}

@misc{definitionColleague,
 title   = {Oxford Dictionaries},
 url     = {http://oxforddictionaries.com/definition/colleague},
}

@misc{sixWays,
 title   = {Six Ways to Write More Comprehensible Code},
 author  = {Jeff Vogel},
 url     = {http://www.ibm.com/developerworks/linux/library/l-clear-code/},
}

@misc{schoolJob,
 title   = {School is a Job},
 author  = {Zee Ann Poerio},
 url     = {http://www.nea.org/tools/tips/School-is-a-Job.html},
}

@misc{performanceReview,
 title   = {Employee Performance Reviews},
 author  = {Dawn Rosenberg McKay},
 url     = {http://careerplanning.about.com/od/performancereview/a/reviews.htm},
}

@misc{polyCalendar,
 title   = {2011-12 Academic Calendar},
 url     = {http://www.ess.calpoly.edu/_records/acad_cal/2011_12cal.html},
}

@misc{309Schedule,
 title   = {CPE 309 Class Listing},
 url     = {http://schedules.calpoly.edu/classes_CPE-309.htm},
}

@misc{406Schedule,
 title   = {CPE 406 Class Listing},
 url     = {http://schedules.calpoly.edu/classes_CPE-406.htm},
}

@misc{se2004,
 title   = {Software Engineering 2004 - Curriculum Guidelines for Undergraduate Degree Programs in Software Engineering},
 url     = {http://sites.computer.org/ccse/SE2004Volume.pdf},
}
